<?xml version="1.0" encoding="UTF-8"?><record xmlns="http://www.loc.gov/MARC21/slim" xmlns:cinclude="http://apache.org/cocoon/include/1.0" xmlns:zs="http://www.loc.gov/zing/srw/">
  <leader>00863cz  a2200181n  4500</leader>
  <controlfield tag="001">n  83026455 </controlfield>
  <controlfield tag="003">DLC</controlfield>
  <controlfield tag="005">20081220075646.0</controlfield>
  <controlfield tag="008">830215n| acannaabn          |b aaa      </controlfield>
  <datafield tag="010" ind1=" " ind2=" ">
    <subfield code="a">n  83026455 </subfield>
  </datafield>
  <datafield tag="035" ind1=" " ind2=" ">
    <subfield code="a">(OCoLC)oca01165153</subfield>
  </datafield>
  <datafield tag="040" ind1=" " ind2=" ">
    <subfield code="a">DLC</subfield>
    <subfield code="b">eng</subfield>
    <subfield code="c">DLC</subfield>
    <subfield code="d">OCoLC</subfield>
  </datafield>
  <datafield tag="100" ind1="1" ind2=" ">
    <subfield code="a">Ṣāliḥ, Ibrāhīm ʻAlī</subfield>
  </datafield>
  <datafield tag="400" ind1="0" ind2=" ">
    <subfield code="a">Ibrāhīm ʻAlī Ṣāliḥ</subfield>
  </datafield>
  <datafield tag="400" ind1="1" ind2=" ">
    <subfield code="a">صالح، ابراهيم علي</subfield>
  </datafield>
  <datafield tag="667" ind1=" " ind2=" ">
    <subfield code="a">Machine-derived non-Latin script reference project.</subfield>
  </datafield>
  <datafield tag="667" ind1=" " ind2=" ">
    <subfield code="a">Non-Latin script reference not evaluated.</subfield>
  </datafield>
  <datafield tag="670" ind1=" " ind2=" ">
    <subfield code="a">His al-Masʼūlīyah al-jināʼīyah lil-ashkhāṣ al-maʻnawīyah, 1980:</subfield>
    <subfield code="b">t.p. (al-Duktūr Ibrāhīm ʻAlī Ṣāliḥ, al-mustashār bi-Maḥkamat al-Naqd; duktūrāh al-dawlah fī al-ʻulūm al-siyāsīyah, Jāmiʻat Bārīs; duktūrāh fī al-ʻulūm al-jināʼīyah, Jāmiʻat al-Qāhirah)</subfield>
  </datafield>
</record>